<record><leader>00000cas a22000007a 4500</leader><controlfield tag="001">20323526</controlfield><controlfield tag="008">890911d18811883mduwr ne      0    0eng d</controlfield><datafield ind1=" " ind2=" " tag="010"><subfield code="a">sn 89060111 </subfield></datafield><datafield ind1=" " ind2=" " tag="040"><subfield code="a">MFN</subfield><subfield code="b">eng</subfield><subfield code="c">MFN</subfield><subfield code="d">OCLCQ</subfield></datafield><datafield ind1=" " ind2=" " tag="042"><subfield code="a">msc</subfield></datafield><datafield ind1="0" ind2="4" tag="245"><subfield code="a">The Hagerstown odd fellow.</subfield></datafield><datafield ind1="1" ind2="3" tag="246"><subfield code="a">Odd fellow</subfield></datafield><datafield ind1=" " ind2=" " tag="260"><subfield code="a">Hagerstown, Md. :</subfield><subfield code="b">Jno. M. Mentzer</subfield></datafield><datafield ind1=" " ind2=" " tag="300"><subfield code="a">v.</subfield></datafield><datafield ind1=" " ind2=" " tag="310"><subfield code="a">Weekly</subfield></datafield><datafield ind1="0" ind2=" " tag="362"><subfield code="a">Vol. 40, no. 4 (Oct. 6, 1881)-</subfield></datafield><datafield ind1="1" ind2=" " tag="362"><subfield code="a">Ceased in Aug. 1883?</subfield></datafield><datafield ind1=" " ind2=" " tag="752"><subfield code="a">United States</subfield><subfield code="b">Maryland</subfield><subfield code="c">Washington</subfield><subfield code="d">Hagerstown.</subfield></datafield><datafield ind1="0" ind2="0" tag="780"><subfield code="t">Odd fellow (Hagerstown, Md.)</subfield><subfield code="w">(DLC)sn 90057014</subfield></datafield><datafield ind1="0" ind2="4" tag="785"><subfield code="t">Herald and torch light</subfield><subfield code="w">(DLC)sn 85025363</subfield></datafield></record>